@online{idx_tiobe,
	title = {{TIOBE} Programming Community index},
	url = {https://web.archive.org/web/20221102095019/https://www.tiobe.com/tiobe-index/},
	urldate = {2022-04-11}
}
@online{idx_pypl,
	title = {{PYPL} {PopularitY} of Programming Language index},
	url = {https://web.archive.org/web/20221102011203/http://pypl.github.io/PYPL.html},
	abstract = {{PYPL} popularity of programming language},
	author = {Carbonnelle, Pierre},
	urldate = {2022-04-11},
	langid = {english}
}
@online{idx_ieee_spectrum,
	title = {Top Programming Languages 2022 - {IEEE} Spectrum},
	url = {https://spectrum.ieee.org/top-programming-languages-2022},
	author = {Cass, Stephen},
	urldate = {2022-04-11},
	langid = {english}
}
@online{idx_stack_survey,
	title = {Stack Overflow Developer Survey 2022},
	url = {https://survey.stackoverflow.co/2022/#technology-most-popular-technologies},
	abstract = {With over 70,000 responses fielded from over 180 countries, our Annual Developer Survey examines all aspects of the developer experience from learning to code to their favorite technologies to version control and the workplace experience of professional developers.},
	titleaddon = {Stack Overflow},
	urldate = {2022-04-11}
}
@online{idx_gihub_octoverse,
	title = {The State of the Octoverse {\textbar} Top Languages},
	url = {https://octoverse.github.com/2019/#top-languages},
	abstract = {The State of the Octoverse celebrates a year of building across teams, time zones, and millions of merged pull requests.},
	titleaddon = {The State of the Octoverse},
	urldate = {2022-04-11},
	langid = {english},
	note = {Library Catalog: octoverse.github.com}
}
@online{github_search,
	title = {{GitHub} {\textbar} Advanced Search},
	url = {https://github.com/search/advanced},
	abstract = {{GitHub} is where people build software. More than 50 million people use {GitHub} to discover, fork, and contribute to over 100 million projects.},
	titleaddon = {{GitHub}},
	urldate = {2022-04-11},
	langid = {english}
}
@online{stackoverflow_search,
	title = {Stack Overflow {\textbar} Search questions by Tags},
	url = {https://stackoverflow.com/tags},
	titleaddon = {Stack Overflow},
	urldate = {2022-04-11}
}

@online{mike_mol_rosetta,
	title = {Rosetta Code},
	url = {http://www.rosettacode.org/wiki/Rosetta_Code},
	author = {{Mike Mol}},
	urldate = {2022-04-11}
}